[gd_scene load_steps=16 format=2]

[ext_resource path="res://res/images/Title_Meta-Tron.png" type="Texture" id=1]
[ext_resource path="res://Title_Screen.gd" type="Script" id=2]
[ext_resource path="res://res/images/stars.png" type="Texture" id=3]
[ext_resource path="res://res/images/Title_Cube_of_Power.png" type="Texture" id=4]
[ext_resource path="res://res/images/Title_Space-Attack-2.png" type="Texture" id=5]
[ext_resource path="res://res/images/Btn_Play.png" type="Texture" id=6]
[ext_resource path="res://res/images/Btn_Credits.png" type="Texture" id=7]
[ext_resource path="res://res/sprites/player.png" type="Texture" id=8]
[ext_resource path="res://res/images/Btn_Settings.png" type="Texture" id=9]
[ext_resource path="res://res/images/Btn_Licenses.png" type="Texture" id=10]
[ext_resource path="res://res/images/Btn_Exit.png" type="Texture" id=11]
[ext_resource path="res://res/images/Btn_Story.png" type="Texture" id=12]
[ext_resource path="res://res/images/continue.png" type="Texture" id=13]

[sub_resource type="Theme" id=2]

[sub_resource type="Animation" id=1]
resource_name = "ship"
length = 30.0
loop = true
step = 0.5
tracks/0/type = "value"
tracks/0/path = NodePath(".:position")
tracks/0/interp = 1
tracks/0/loop_wrap = true
tracks/0/imported = false
tracks/0/enabled = true
tracks/0/keys = {
"times": PoolRealArray( 0, 5, 10, 15, 19, 25 ),
"transitions": PoolRealArray( 1, 1, 1, 1, 1, 1 ),
"update": 0,
"values": [ Vector2( -171.082, 605.755 ), Vector2( -171.082, 605.755 ), Vector2( 247.212, 639.773 ), Vector2( 579.831, 376.449 ), Vector2( 224.617, 130.177 ), Vector2( -201.626, 591.171 ) ]
}
tracks/1/type = "value"
tracks/1/path = NodePath(".:rotation_degrees")
tracks/1/interp = 1
tracks/1/loop_wrap = true
tracks/1/imported = false
tracks/1/enabled = true
tracks/1/keys = {
"times": PoolRealArray( 0, 5, 10, 15, 19, 25 ),
"transitions": PoolRealArray( 1, 1, 1, 1, 1, 1 ),
"update": 0,
"values": [ 90.0, 90.0, 90.0, 48.0, -119.5, -141.8 ]
}

[node name="Title_Screen" type="Node2D"]
script = ExtResource( 2 )
__meta__ = {
"_edit_vertical_guides_": [ 250.415 ]
}

[node name="stars" type="Sprite" parent="."]
position = Vector2( 203.754, 339.65 )
scale = Vector2( 1.25, 1.25 )
z_index = -10
texture = ExtResource( 3 )

[node name="Titles" type="Node2D" parent="."]
position = Vector2( 239.439, 134.552 )

[node name="Title_Meta-Tron" type="Sprite" parent="Titles"]
position = Vector2( 0, 3.995 )
scale = Vector2( 0.5, 0.5 )
texture = ExtResource( 1 )

[node name="Title_Space-Attack-2" type="Sprite" parent="Titles"]
position = Vector2( 0, -33.605 )
scale = Vector2( 0.25, 0.25 )
texture = ExtResource( 5 )

[node name="Title_Cube_of_Power" type="Sprite" parent="Titles"]
position = Vector2( 0, 50.367 )
scale = Vector2( 0.25, 0.25 )
texture = ExtResource( 4 )

[node name="Buttons" type="VBoxContainer" parent="."]
margin_left = 143.375
margin_top = 270.0
margin_right = 567.375
margin_bottom = 799.0
rect_scale = Vector2( 0.5, 0.5 )
alignment = 1

[node name="Play_Btn" type="Button" parent="Buttons"]
margin_left = 98.0
margin_right = 346.0
margin_bottom = 104.0
grow_horizontal = 0
grow_vertical = 2
focus_neighbour_top = NodePath("../Exit_Btn")
focus_neighbour_bottom = NodePath("../Credits_Btn")
size_flags_horizontal = 4
theme = SubResource( 2 )
icon = ExtResource( 6 )
flat = true

[node name="Continue_Btn" type="Button" parent="Buttons"]
margin_top = 108.0
margin_right = 444.0
margin_bottom = 210.0
icon = ExtResource( 13 )
flat = true

[node name="Story_Btn" type="Button" parent="Buttons"]
margin_left = 74.0
margin_top = 214.0
margin_right = 370.0
margin_bottom = 318.0
size_flags_horizontal = 4
icon = ExtResource( 12 )
flat = true
__meta__ = {
"_edit_use_anchors_": false
}

[node name="Credits_Btn" type="Button" parent="Buttons"]
margin_left = 38.0
margin_top = 322.0
margin_right = 406.0
margin_bottom = 424.0
size_flags_horizontal = 4
icon = ExtResource( 7 )
flat = true

[node name="Settings_Btn" type="Button" parent="Buttons"]
margin_left = 10.0
margin_top = 428.0
margin_right = 434.0
margin_bottom = 530.0
size_flags_horizontal = 4
icon = ExtResource( 9 )
flat = true

[node name="Licenses_Btn" type="Button" parent="Buttons"]
margin_left = 19.0
margin_top = 534.0
margin_right = 425.0
margin_bottom = 637.0
size_flags_horizontal = 4
icon = ExtResource( 10 )
flat = true

[node name="Exit_Btn" type="Button" parent="Buttons"]
margin_left = 109.0
margin_top = 641.0
margin_right = 335.0
margin_bottom = 743.0
size_flags_horizontal = 4
icon = ExtResource( 11 )
flat = true

[node name="player" type="Sprite" parent="."]
position = Vector2( -195.684, 594.008 )
rotation = -1.68779
scale = Vector2( 0.5, 0.5 )
z_index = -1
texture = ExtResource( 8 )

[node name="AnimationPlayer" type="AnimationPlayer" parent="player"]
anims/ship = SubResource( 1 )

[node name="Timer" type="Timer" parent="."]
wait_time = 20.0
one_shot = true
autostart = true

[connection signal="button_up" from="Buttons/Play_Btn" to="." method="_on_Play_Btn_button_up"]
[connection signal="button_up" from="Buttons/Continue_Btn" to="." method="_on_Continue_Btn_button_up"]
[connection signal="button_up" from="Buttons/Story_Btn" to="." method="_on_Story_Btn_button_up"]
[connection signal="button_up" from="Buttons/Credits_Btn" to="." method="_on_Credits_Btn_button_up"]
[connection signal="button_up" from="Buttons/Settings_Btn" to="." method="_on_Settings_Btn_button_up"]
[connection signal="button_up" from="Buttons/Licenses_Btn" to="." method="_on_Licenses_Btn_button_up"]
[connection signal="button_up" from="Buttons/Exit_Btn" to="." method="_on_Exit_Btn_button_up"]
[connection signal="timeout" from="Timer" to="." method="_on_Timer_timeout"]
